
<record>
  <controlfield tag="001">438132</controlfield>
  <datafield tag="035" ind1=" " ind2=" ">
    <subfield code="z">D09-01851</subfield>
    <subfield code="9">DESY</subfield>
  </datafield>
  <datafield tag="035" ind1=" " ind2=" ">
    <subfield code="a">Akhmetshin:1996qn</subfield>
    <subfield code="9">SPIRESTeX</subfield>
  </datafield>
  <datafield tag="245" ind1=" " ind2=" ">
    <subfield code="a">The precise measurement of the omega-meson parameters with the CMD-2 detector</subfield>
  </datafield>
</record>